@book{koza92,
		author    = "Koza, John R.",
		title     = "Genetic Programming: On the Programming of Computers by Means of Natural Selection",
		publisher = "MIT Press",
		year      = "1992"
}


@misc{ wiki:latex,
       author = "Wikipedia",
       title = "LaTeX --- Wikipedia{,} La enciclopedia libre",
       year = "2015",
       url = "https://es.wikipedia.org/w/index.php?title=LaTeX&oldid=84209252",
       note = "[Internet; descargado 30-septiembre-2015]"
}

@misc{ wiki:perceptron,
       author = {"Wikipedia"},
       title = {"Perceptr√≥n --- Wikipedia{,} La enciclopedia libre"},
       year = {"2016"},
       note = {\url{"https://es.wikipedia.org/wiki/Perceptr\%C3\%B3n"}}
       }

@misc{ wiki:BSD,
       author = {"Wikipedia"},
       title = {"BSD licenses --- Wikipedia{,} La enciclopedia libre"},
       year = {"2016"},
       note = {\url{"https://en.wikipedia.org/wiki/BSD_licenses"}}
       }