@book{koza92,
		author    = "Koza and John R.",
		title     = "Genetic Programming: On the Programming of Computers by Means of Natural Selection",
		publisher = "MIT Press",
		year      = "1992"
}

@misc{ wiki:Agente_Inteligente,
       author = "Wikipedia",
       title = "Agente inteligente (inteligencia artificial) --- Wikipedia{,} La enciclopedia libre",
       year = "2016",
       note = {\url{"https://es.wikipedia.org/w/index.php?title=Agente_inteligente_(inteligencia_artificial)&oldid=90911327"}}
       }

@book{Russell_Norvig,
    author = "Stuart Russell and Peter Norvig",
    title = "Inteligencia Artificial: Un enfoque moderno",
    publisher = "Pearson",
    year = "2004"
}

@misc{  table_tennis, 
        author={K. Muelling and J. Kober and J. Peters},
        title={Learning table tennis with a Mixture of Motor Primitives}, 
        year={2010},
        note ={\url{https://pdfs.semanticscholar.org/ffa8/9e2d70c7b12e42b12923ebc45a46fb7798a9.pdf}},
}

@misc{scikit,
    author = {
            L. Buitinck and 
            G. Louppe and 
            M. Blondel and
            F. Pedregosa and
            A. C. M{\"u}ller and
            O. Grisel and
            V. Niculae and
            P. Prettenhofer and
            A. Gramfort and
            J. Grobler and
            R. Layton and
            J. Vanderplas and
            A. Joly and
            B. Holt and
            G. Varoquaux},
    title = {API design for machine learning software: Experiences from the scikit-learn project},
    note = {\url{https://arxiv.org/pdf/1309.0238.pdf}},
    year = {2003}}
  
  
  @article{ DEAP_JMLR2012, 
            author    = " F\'elix-Antoine Fortin and Fran\c{c}ois-Michel {De Rainville} and Marc-Andr\'e Gardner and Marc Parizeau and Christian Gagn\'e ",
            title     = { {DEAP}: Evolutionary Algorithms Made Easy },
            pages    = { 2171--2175 },
            volume    = { 13 },
            month     = { jul },
            year      = { 2012 },
            journal   = { Journal of Machine Learning Research }
}

 @misc{ Human-level,
        author = "Koray Kavukcuoglu and Demis Hassabis",
        Title = "Human-level control through deep reinforcement learning",
        year = "2014",
        note = {\url{ https://www.nature.com/nature/journal/v518/n7540/full/nature14236.html}},
 }   

@InProceedings{ mckinney-proc-scipy-2010,
  author    = { Wes McKinney },
  title     = { Data Structures for Statistical Computing in Python },
  booktitle = { Proceedings of the 9th Python in Science Conference },
  pages     = { 51 - 56 },
  year      = { 2010 },
  editor    = { St\'efan van der Walt and Jarrod Millman }
}
   
@InProceedings{ mckinney-proc-scipy-2011,
  author    = { Wes McKinney  },
  title     = { pandas: a foundational Python library for data analysis and statistics },
  booktitle = { Python for High Performance and Scientific Computing },
  pages     = { 1-9 },
  year      = { 2011 },
  editor    = { St\'efan van der Walt and Jarrod Millman }
} 

@article{fortin2012deap,
  title={DEAP: Evolutionary algorithms made easy},
  author={Fortin, F{\'e}lix-Antoine and Rainville, Fran{\c{c}}ois-Michel De and Gardner, Marc-Andr{\'e} and Parizeau, Marc and Gagn{\'e}, Christian},
  journal={Journal of Machine Learning Research},
  volume={13},
  number={Jul},
  pages={2171--2175},
  year={2012}
}

@book{JHolland,
    author = {J. Holland},
    title = {Adaption in Natural and Artificial Systems},
    year = {1975},
    }
    
@book{AraujoCervigon,
    author = {L. Araujo and C. Cervig칩n},
    title = {Algoritmos Evolutivos: Un enfoque
pr치ctico},
    year = {2009},
    }
    

@misc{ wiki:perceptron,
       author = {"Wikipedia"},
       title = {"Perceptr칩n --- Wikipedia{,} La enciclopedia libre"},
       year = {"2016"},
       note = {\url{"https://es.wikipedia.org/wiki/Perceptr\%C3\%B3n"}}
       }
    
@misc{ wiki:neurona,
       author = {"Wikipedia"},
       title = {"Neurona --- Wikipedia{,} La enciclopedia libre"},
       year = {"2016"},
       note = {\url{https://es.wikipedia.org/wiki/Neurona"}},
       }
    
    
@misc{  cruce_monopunto,
        author = {B. Baruque},
        title = {Conceptos B치sicos de los Algoritmos Evolutivos},
        }
    
    